%References

@article{ error,
  author      = "Danjue Li, Qian Zhang, Chen-Nee Chuah, and S.J.Ben Yoo",
  year        = "2006",
  title       = "Error Resilient Concurrent Video Streaming Over Wireless Wireless Mesh Network",
  journal     = "Packet Video Workshop",
  volumn      = " ",
  number      = " ",
  pages       = "",
  month       = "April",
  note        = " ",
}

@article{ GA,
  author      = "{Shiwen Mao} and {Sastry Kompella} and {Y.Thomas Hou} and {Hanif D.Sherali} and {Scott F.Midkiff}",
  year        = "2005",
  title       = "Routing for Multiple Concurrent Video Sessions in Wireless Ad Hoc Networks",
  journal     = "IEEE Trans. on Vehicular Technology",
  volumn      = " ",
  number      = " ",
  pages       = "1229-1235",
  month       = "",
  note        = " ",
}

@article{ fixed,
  author      = "Vishnu Navda, Anand Kashyap, Samrat Ganguly, and Rauf Izmailov",
  year        = "2006",
  title       = "Real-time Video Stream Aggregation in Wireless Mesh Network",
  journal     = "Personal, Indoor and Mobile Radio Communications",
  volumn      = " ",
  number      = " ",
  pages       = "1-7",
  month       = "September",
  note        = " ",
}

@article{ belair,
  author      = "http://www.belairnetworks.com",
  year        = "2006",
  title       = "Delivering Video over a Wireless Mesh Network",
  journal     = " ",
  volumn      = " ",
  number      = " ",
  pages       = " ",
  month       = " ",
  note        = " ",
}

@article{ belair2,
  author      = "http://www.belairnetworks.com",
  year        = "2007",
  title       = "Wireless Mesh for Entertainment and Sporting Venues",
  journal     = " ",
  volumn      = " ",
  number      = " ",
  pages       = " ",
  month       = " ",
  note        = " ",
}

@article{ distortion,
  author      = "Eric Setton, Jeonghun Noh, and Bernd Girod",
  year        = "2005",
  title       = "Rate-Distortion Optimized Video Peer-to-Peer Multicast Streaming",
  journal     = "P2PMMS",
  volumn      = " ",
  number      = " ",
  pages       = " ",
  month       = "November",
  note        = " ",
}

@article{ distortion2,
  author      = "Eric Setton, X. Zhu, and Bernd Girod",
  year        = "2004",
  title       = "Minimizing Distortion for Multipath Video Streaming over Ad Hoc Networks",
  journal     = "International Conference on Impage Processing",
  volumn      = " ",
  number      = " ",
  pages       = "1751-1754",
  month       = "October",
  note        = " ",
}
